@misc{tricrown,
  title        = {TRI-CROWN 2.0 Reference Suite},
  author       = {Kelly, Brendon Joseph},
  year         = {2024},
  howpublished = {Git repository},
  note         = {https://example.com/tri-crown}
}

@misc{chronogenesisNarrative,
  title        = {Chronogenesis: The Unveiling},
  author       = {Kelly, Brendon Joseph},
  year         = {2024},
  howpublished = {Manuscript},
  note         = {Original chronicle archived in the Full-Stack Sovereign Directive Packet}
}

@inproceedings{xu2018solidstate,
  title     = {Flight of an Aeroplane with Solid-State Propulsion},
  author    = {Xu, Steven H. and others},
  booktitle = {Nature},
  year      = {2018},
  note      = {Cited for atmospheric propulsion analogies}
}
